<record><leader>00000cas a22000007a 4500</leader><controlfield tag="001">25862412</controlfield><controlfield tag="008">920522c19749999ctucr ne      0    0eng d</controlfield><datafield ind1=" " ind2=" " tag="010"><subfield code="a">sn 92051248 </subfield></datafield><datafield ind1=" " ind2=" " tag="040"><subfield code="a">CNW</subfield><subfield code="b">eng</subfield><subfield code="c">CNW</subfield><subfield code="d">DLC</subfield><subfield code="d">OCLCQ</subfield><subfield code="d">CZL</subfield></datafield><datafield ind1=" " ind2=" " tag="042"><subfield code="a">msc</subfield></datafield><datafield ind1="0" ind2=" " tag="130"><subfield code="a">Clinton recorder (Clinton, Conn. : 1974)</subfield></datafield><datafield ind1="0" ind2="0" tag="245"><subfield code="a">Clinton recorder.</subfield></datafield><datafield ind1="3" ind2="0" tag="246"><subfield code="a">Saturday Clinton recorder</subfield></datafield><datafield ind1="3" ind2="0" tag="246"><subfield code="a">Weekend east</subfield></datafield><datafield ind1="1" ind2="7" tag="246"><subfield code="a">Recorder</subfield><subfield code="f">Feb. 28, 1974</subfield></datafield><datafield ind1=" " ind2=" " tag="260"><subfield code="a">Clinton, Conn. :</subfield><subfield code="b">Shore Line Times Co.</subfield></datafield><datafield ind1=" " ind2=" " tag="300"><subfield code="a">v.</subfield></datafield><datafield ind1=" " ind2=" " tag="310"><subfield code="a">Semiweekly,</subfield><subfield code="b">Apr. 1981-</subfield></datafield><datafield ind1=" " ind2=" " tag="321"><subfield code="a">Weekly,</subfield><subfield code="b">1974-Mar. 1981</subfield></datafield><datafield ind1="0" ind2=" " tag="362"><subfield code="a">Vol. 93, no. 9 (Feb. 28, 1974)-v. 94, no. 22 (May 29, 1975) ; 94th year, no. 23 (June 5, 1975)-</subfield></datafield><datafield ind1=" " ind2=" " tag="500"><subfield code="a">Saturday issues have day of week in masthead: Saturday Clinton recorder, Apr. 1981-&lt;Sept. 12, 1981&gt;, and: Clinton recorder, Saturday, &lt;Dec. 22-29, 1984. Also have running title: Weekend east, &lt;July 13, 1991-&gt;</subfield></datafield><datafield ind1=" " ind2=" " tag="500"><subfield code="a">Saturday issues called: Weekend shoreliner ed., &lt;July 13, 1991-&gt;</subfield></datafield><datafield ind1=" " ind2=" " tag="500"><subfield code="a">Tuesday and Saturday issues each have their own designation.</subfield></datafield><datafield ind1=" " ind2="4" tag="651"><subfield code="a">Clinton (Conn.)</subfield><subfield code="v">Newspapers.</subfield></datafield><datafield ind1=" " ind2="4" tag="651"><subfield code="a">Killingworth (Conn. : Town)</subfield><subfield code="v">Newspapers.</subfield></datafield><datafield ind1=" " ind2="4" tag="651"><subfield code="a">Westbrook (Conn.)</subfield><subfield code="v">Newspapers.</subfield></datafield><datafield ind1=" " ind2=" " tag="752"><subfield code="a">United States</subfield><subfield code="b">Connecticut</subfield><subfield code="c">Middlesex</subfield><subfield code="d">Clinton.</subfield></datafield><datafield ind1="0" ind2="0" tag="780"><subfield code="t">Recorder (Clinton, Conn.)</subfield><subfield code="w">(DLC)sn 92051249</subfield></datafield><datafield ind1="1" ind2=" " tag="029"><subfield code="a">AU@</subfield><subfield code="b">000020738885</subfield></datafield></record>